[gd_scene load_steps=16 format=2]

[ext_resource path="res://Main.gd" type="Script" id=1]
[ext_resource path="res://scenes/Player.tscn" type="PackedScene" id=2]
[ext_resource path="res://scenes/Mob.tscn" type="PackedScene" id=3]
[ext_resource path="res://scenes/HUD.tscn" type="PackedScene" id=4]
[ext_resource path="res://scenes/Floor.gd" type="Script" id=5]
[ext_resource path="res://audio/miss1.wav" type="AudioStream" id=6]
[ext_resource path="res://tex/background.jpg" type="Texture" id=7]
[ext_resource path="res://fonts/HUD.tres" type="DynamicFont" id=8]
[ext_resource path="res://audio/music-theme.mp3" type="AudioStream" id=9]

[sub_resource type="Curve2D" id=1]
bake_interval = 1.0
_data = {
"points": PoolVector2Array( 0, 0, 0, 0, 80, -4, 0, 0, 0, 0, 1200, -4 )
}

[sub_resource type="RectangleShape2D" id=3]
extents = Vector2( 24, 348.75 )

[sub_resource type="RectangleShape2D" id=2]
extents = Vector2( 640, 8 )

[sub_resource type="Gradient" id=4]
offsets = PoolRealArray( 1 )
colors = PoolColorArray( 1, 1, 1, 0 )

[sub_resource type="GradientTexture" id=5]
gradient = SubResource( 4 )
width = 64

[sub_resource type="CanvasItemMaterial" id=6]
light_mode = 2

[node name="Main" type="Node"]
script = ExtResource( 1 )
mobScene = ExtResource( 3 )

[node name="CanvasLayer" type="CanvasLayer" parent="."]

[node name="HUD" parent="CanvasLayer" instance=ExtResource( 4 )]
pause_mode = 2

[node name="ColorRect" type="ColorRect" parent="."]
anchor_right = 1.0
anchor_bottom = 1.0
color = Color( 0.6, 0.6, 0.6, 1 )
__meta__ = {
"_edit_lock_": true,
"_edit_use_anchors_": false
}

[node name="Background" type="Sprite" parent="ColorRect"]
position = Vector2( 640, 360 )
texture = ExtResource( 7 )
__meta__ = {
"_edit_lock_": true
}

[node name="MobPath" type="Path2D" parent="."]
position = Vector2( 0, 100 )
curve = SubResource( 1 )

[node name="MobSpawnLocation" type="PathFollow2D" parent="MobPath"]
position = Vector2( 80, -4 )
rotation = 5.9935e-08

[node name="Player" parent="." instance=ExtResource( 2 )]
position = Vector2( 640, 512 )
collision_layer = 2

[node name="PlayerMoveBounds" type="ReferenceRect" parent="."]
margin_left = 48.0
margin_right = 1232.0
margin_bottom = 721.0
__meta__ = {
"_edit_lock_": true,
"_edit_use_anchors_": false
}

[node name="walls" type="StaticBody2D" parent="."]
position = Vector2( 0, 670 )

[node name="CollisionShape2D" type="CollisionShape2D" parent="walls"]
position = Vector2( 40, -318 )
shape = SubResource( 3 )

[node name="CollisionShape2D2" type="CollisionShape2D" parent="walls"]
position = Vector2( 1256, -314.75 )
shape = SubResource( 3 )

[node name="floor" type="StaticBody2D" parent="." groups=["env"]]
position = Vector2( 0, 670 )
script = ExtResource( 5 )

[node name="floor" type="CollisionShape2D" parent="floor"]
position = Vector2( 640, 42 )
shape = SubResource( 2 )
one_way_collision_margin = 0.0

[node name="MobTimer" type="Timer" parent="."]
wait_time = 10.0

[node name="Miss" type="AudioStreamPlayer" parent="."]
stream = ExtResource( 6 )

[node name="Light2D" type="Light2D" parent="."]
position = Vector2( 164, 172 )
scale = Vector2( 1.1875, 40.5 )
texture = SubResource( 5 )
mode = 2

[node name="Label" type="Label" parent="."]
material = SubResource( 6 )
margin_left = 136.0
margin_top = 152.0
margin_right = 196.0
margin_bottom = 193.0
custom_fonts/font = ExtResource( 8 )
text = "TEST"
__meta__ = {
"_edit_use_anchors_": false
}

[node name="Music" type="AudioStreamPlayer" parent="."]
stream = ExtResource( 9 )
bus = "Music"

[connection signal="menuPressed" from="CanvasLayer/HUD" to="." method="_on_HUD_menuPressed"]
[connection signal="resumePressed" from="CanvasLayer/HUD" to="." method="_on_HUD_resumePressed"]
[connection signal="startPressed" from="CanvasLayer/HUD" to="." method="_on_HUD_startPressed"]
[connection signal="flushed" from="Player" to="." method="_on_Player_flushed"]
[connection signal="gotHit" from="floor" to="." method="_on_Floor_gotHit"]
[connection signal="timeout" from="MobTimer" to="." method="_on_MobTimer_timeout"]
